@book{basar1995dynamic,
  title={Dynamic noncooperative game theory},
  author={Basar, Tamer and Olsder, Geert Jan and Clsder, GJ and Basar, T and Baser, T and Olsder, Geert Jan},
  volume={200},
  year={1995},
  publisher={SIAM}
} 